%----------------------------------------------------------------------------------
% Exemplo do uso dos estilos bibliográficos tcc-{alpha,num}.bst.
% Veja o arquivo tcc.cls para mais detalhes e instruções.
%----------------------------------------------------------------------------------

-- Atenção! Sempre confira as entradas BibTeX copiadas de
bibliotecas digitais, pois muitas vezes as mesmas possuem o
formato incorreto, ou falta alguma informação necessária para
a referência.

-- Exemplo de referência a artigos de revistas e periódicos

@article{MOURA2006,
  author={{MOURA, G. R.; PEDRO, E. N. R.}},
  month={março},
  year={2006},
  publisher={Rev Latino-am Enfermagem},
  title={Adolescentes Portadores de Deficiência Visual: Percepções sobre Sexualidade},
  pages={220--226},
  url={http://www.scielo.br/pdf/rlae/v14n2/v14n2a11.pdf}
}

-- Exemplo de referência a livros

@book{hersh2010assistive,
  author={{HERSH, M. e JOHNSON, M. A.}},
  month={maio},
  numpages={725},
  publisher={{Springer London}},
  isbn={9781846288678},
  title={Assistive Technology for Visually Impaired and Blind People},
  url={https://books.google.com.br/books?id=HIBPnRAhh-gC},
  year={2010},
}

@book{godert2014,
  address={Berlin},
  author={{GÖDERT, W.; HUBRICH, J.; NAGELSCHMIDT, M.}},
  numpages={294},
  publisher={{Walter de Gruyter GmbH}},
  isbn={3110329700},
  title={Semantic knowledge representation for information retrieval},
  year={2014}
}

@book{PNAD2014,
  address={Rio de Janeiro},
  author={{Instituto Brasileiro de Geografia e Estatística (ed.)}},
  numpages={84},
  publisher={{IBGE}},
  isbn={9788524043758},
  title={Pesquisa Nacional por Amostra de Domicílios - Acesso à internet e à televisão e posse de telefone móvel celular para uso pessoal: 2014},
  url={http://biblioteca.ibge.gov.br/visualizacao/livros/liv95753.pdf},
  year={2016}
}

@book{ERGO2015,
  address={São Paulo},
  author={{CYBIS, W. O.; BETIOL, A. H.; FAUST, R.}},
  howpublished={Paperback},
  numpages={488},
  publisher={{Novatec}},
  isbn={9788575224595},
  title={Ergonomia e Usabilidade: conhecimentos, métodos e aplicações},
  year={2015}
}

@book{WEISS1999,
  address={Estados Unidos},
  author={{WEISS, G. (ed.)}},
  howpublished={Paperback},
  numpages={643},
  publisher={{The MIT Press}},
  isbn={9780262731317},
  title={Multiagent Systems: A Modern Approach to Distributed Artificial Intelligence},
  year={2000}
}

@book{TVESCOLA,
  address={Brasília},
  author={{GIL, M.}},
  numpages={79},
  publisher={MEC. Secretaria de Educação a Distância},
  issn={1518-4692},
  title={Deficiência Visual},
  year={2000}
}

@book{MAEDCHE2002,
  address={Norwell, MA},
  author={{MAEDCHE, A. D.}},
  numpages={244},
  isbn={0-7923-7656-0},
  publisher={Kluwer Academic Publishers},
  title={Ontology learning for the semantic Web},
  year={2002}
}

@book{AUDY2015,
  author={{AUDY, J.}},
  numpages={176},
  title={Toolbox 360°},
  year={2015}
}

@book{GROSS2003,
  author={{GROSS, J. M.; MCINNIS, K. R.}},
  numpages={256},
  publisher={AMACOM},
  title={Kanban Made Simple: Desmystifying and Applying Toyota's Legendary Manufacturing Process},
  year={2003},
  isbn={0814413293}
}

@book{COHN2004,
  author={{COHN, M.}},
  numpages={268},
  title={User Stories Applied: For Agile Software Development},
  publisher={Addison-Wesley Professional},
  isbn={0321205685},
  year={2004}
}

% IoT
@book{FRIESS2013,
  title={Internet of Things: Converging Technologies for Smart Environments and Integrated Ecosystems},
  author={{FRIESS, P.}},
  isbn={9788792982735},
  series={River Publishers Series in Communications Series},
  url={https://books.google.com.br/books?id=rHYGZ0wxLP0C},
  year={2013},
  publisher={River Publishers}
}

% Fluxogramas
@book{REYNARD1995,
  title={Flowcharts: Plain \& Simple},
  author={{REYNARD, S.}},
  isbn={9781884731037},
  series={Learning and application guides},
  url={https://books.google.com.br/books?id=q0dDbdUuGJoC},
  year={1995},
  publisher={Oriel Incorporated}
}


-- Exemplo de referência a um capítulo de livro

-- Exemplo de referência a uma parte de livro com título e autores próprios

-- Exemplos de referência para artigos em conferências

% Referencial Teórico etc.
@inproceedings{BOURBAKIS2001,
  author={{BOURBAKIS, N. G.; KAVRAKI, D.}},
  booktitle={Proceedings of the 2nd IEEE International Symposium on Bioinformatics and Bioengineering},
  series={BIBE '01},
  address={Washington, DC, EUA},
  pages={230--},
  publisher={IEEE Computer Society},
  title={An Intelligent Assistant for Navigation of Visually Impaired People},
  year={2001},
  url = {http://dl.acm.org/citation.cfm?id=791212.791289},
  acmid = {791289},
  isbn = {0-7695-1423-5},
  keywords = {AI Systems, 3-D Visual Navigation, Knowledge Representation and Conversion, Multimedia, Intelligent Agents for People with disabilities.}
}

@inproceedings{KULYUKIN2002,
  author={{KULYUKIN, V.; GHARPURE, C.; SUTE, P.}},
  booktitle={IAAI Emerging Applications},
  pages={864--869},
  publisher={American Association for Artificial Intelligence},
  title={An Intelligent Assistant for Navigation of Visually Impaired People},
  year={2002},
  url = {http://www.aaai.org/Papers/IAAI/2004/IAAI04-014.pdf}
}

@inproceedings{ZHIGANG2010,
  author={{ZHIGANG, F.; TING, L.}},
  booktitle={IAAI Emerging Applications},
  pages={864--869},
  publisher={IEEE},
  title={Audification-based electronic travel aid system},
  year={2010},
  isbn={978-1-4244-7164-5},
  doi={10.1109/ICCDA.2010.5541522},
  keywords={Time of arrival estimation, Geographic Information Systems, Intelligent systems, Global Positioning System, Image processing, Auditory displays, Control systems, Audio user interfaces, Ear, Usability},
  url = {http://ieeexplore.ieee.org/stamp/stamp.jsp?arnumber=5541522}
}

% Introdução
@inproceedings{PATEL2012,
  author={{PATEL, K. K.; VIJ, S.}},
  booktitle={IEEE Transactions on Learning Technologies, vol. 5, no. 2},
  pages={170--176},
  publisher={IEEE},
  title={Spatial Learning Using Locomotion Interface to Virtual Environment},
  year={2012},
  doi={10.1109/TLT.2011.29},
  keywords={Assistive technology, cognitive maps, interactive techniques for learning, locomotion interface devices for learning, simulation systems for training},
  url = {http://ieeexplore.ieee.org/stamp/stamp.jsp?arnumber=5541522}
}

@inproceedings{DATRI2007,
  author={{D'ATRI, E.; MEDAGLIA, C. M.; SERBANATI, A.; CEIPIDOR, U. B.; PANIZZI, E.; D'ATRI, A.}},
  pages={35--},
  publisher={IEEE Computer Society},
  booktitle={Systems 2007. ICONS '07. Second International Conference},
  title={A system to aid blind people in the mobility: A usability test and its results},
  year={2007},
  isbn={0-7695-2807-4},
  doi={10.1109/ICONS.2007.7},
  keywords={Blind mobility, Mobile communication and devices, RFID, Usability test},
  url={http://ieeexplore.ieee.org/stamp/stamp.jsp?arnumber=4196337}
}

% Avaliação
@inproceedings{PRATES2003,
  author={{PRATES, R. O.; BARBOSA, S. D. J.}},
  pages={245--293},
  publisher={SBC},
  booktitle={Juan Manuel Adán Coello; Sandra C. P. Ferraz Fabbri. (Org.). Jornada de Atualização em Informática do Congresso da Sociedade Brasileira de Computação},
  title={Avaliação de Interfaces de Usuário - Conceitos e Métodos},
  year={2003},
  url={http://homepages.dcc.ufmg.br/~rprates/ge_vis/cap6_vfinal.pdf}
}

@inproceedings{WINCKLER2002,
  author={{WINCKLER, M. A.; PIMENTA, M. S.}},
  pages={85--137},
  publisher={SBC},
  booktitle={Luciana Porcher Nedel (Org.). Escola de Informática da SBC SUl (ERI 2002)},
  address={Porto Alegre},
  title={Avaliação de Usabilidade de Sites Web},
  year={2002},
  url={https://www.irit.fr/~Marco.Winckler/2002-winckler-pimenta-ERI-2002-cap3.pdf}
}

@inproceedings{WICH2015,
  author={{WICH, M.; KRAMER, T.}},
  pages={472--481},
  publisher={IEEE Computer Society},
  booktitle={48th Hawaii International Conference on System Sciences},
  title={Enhanced Human-Computer Interaction for Business Applications on Mobile Devices: A Design-Oriented Development of a Usability Evaluation Questionnaire},
  year={2015},
  isbn={978-1-4799-7367-5},
  doi={10.1109/HICSS.2015.63},
  keywords={Usability Engineering, Human-Computer Interaction, Mobile, Design Science},
  url={http://ieeexplore.ieee.org/stamp/stamp.jsp?arnumber=7069712}

}

% IoT
@article{SHIN2014,
title ={{A socio-technical framework for Internet-of-Things design: A human-centered design for the Internet of Things}},
journal = "Telematics and Informatics ",
volume = "31",
number = "4",
pages = "519--531",
year = "2014",
note = "",
issn = "0736-5853",
doi = "http://dx.doi.org/10.1016/j.tele.2014.02.003",
url = "http://www.sciencedirect.com/science/article/pii/S0736585314000185",
author ={{SHIN, D.}},
keywords = "Internet of Things",
keywords = "Contextual approach",
keywords = "South Korea",
keywords = "Socio-technical perspective"
}

-- Exemplo de referência para dissertações de mestrado

-- Exemplo de referência para teses de doutorado

-- Exemplo de technical report


@techreport{IBGE2011,
  address={Rio de Janeiro, RJ, Brasil},
  author={{Instituto Brasileiro de Geografia e Estatística (ed.)}},
  title={{Censo demográfico 2010: características da população e dos domicílios. Resultados do universo}},
  year={2011},
  url={http://biblioteca.ibge.gov.br/visualizacao/periodicos/93/cd_2010_caracteristicas_populacao_domicilios.pdf}
}

@techreport{IBGE2010,
  address={Rio de Janeiro, RJ, Brasil},
  author={{Instituto Brasileiro de Geografia e Estatística (ed.)}},
  title={Censo demográfico 2010: características gerais da população, religião e pessoas com deficiência},
  year={2010},
  url={http://biblioteca.ibge.gov.br/visualizacao/periodicos/94/cd_2010_religiao_deficiencia.pdf}
}

@techreport{UFG2007,
  address={Goiás, Brasil},
  author={{MORAIS, E. A.; AMBRÓSIO, A. P. L.}},
  title={Ontologias: conceitos, usos, tipos, metodologias, ferramentas e linguagens},
  year={2007},
  url={http://www.inf.ufg.br/sites/default/files/uploads/relatorios-tecnicos/RT-INF_001-07.pdf}
}

-- Exemplos de referências a sites da Internet

@misc{WCAG20,
  author={{PATCH, K; SPELLMAN, J.; WAHLBIN, K. (eds.)}},
  title={{Mobile Accessibility: How WCAG 2.0 and Other W3C/WAI Guidelines Apply to Mobile}},
  url={https://www.w3.org/TR/mobile-accessibility-mapping/},
  urlaccessdate={setembro 2016},
  year={2015}
}

@misc{KAPTEN,
  author={DENHAM, J.},
  title={{Oh Kapten! My Kapten! Where am I?: A Review of the Kapten PLUS Personal Navigation Device}},
  published={{American Foundation for the Blind (AFB)}},
  url={https://www.afb.org/afbpress/pub.asp?DocID=aw120707},
  urlaccessdate={setembro 2016},
  year={2011}
}

@misc{ONTOLOGIAI,
  author={{ARVIDSSON, F.; FLYCHT-ERIKSSON, A.}},
  title={{Ontologies I}},
  url={http://www.ida.liu.se/~janma56/SemWeb/Slides/ontologies1.pdf},
  urlaccessdate={setembro 2016},
  year={2008}
}

@misc{NOY2001,
  author={{NOY, N. F.; MCGUINNESS, D. L.}},
  title={Ontology Development 101: A Guide to Creating Your First Ontology},
  url={http://liris.cnrs.fr/~amille/enseignements/Ecole_Centrale/What\%20is\%20an\%20ontology\%20and\%20why\%20we\%20need\%20it.htm},
  urlaccessdate={novembro 2016},
  year={2001}
}

@misc{DEVACCESS2016,
  author={{ANDROID}},
  title={{Making Applications Accessible}},
  url={https://developer.android.com/guide/topics/ui/accessibility/apps.html},
  urlaccessdate={novembro 2016},
  year={2016}
}

@misc{TALKB2016,
  author={{GOOGLE}},
  title={{Começar a utilizar o Android com o TalkBack}},
  url={https://support.google.com/accessibility/android/answer/6283677},
  urlaccessdate={novembro 2016},
  year={2016}
}

% Avaliação
@misc{NIELSEN1995,
  author={{NIELSEN, J.}},
  title={{10 Usability Heuristics for User Interface Design}},
  url={https://www.nngroup.com/articles/ten-usability-heuristics/},
  urlaccessdate={novembro 2016},
  year={1995}
}

% IoT
@misc{RIGON2016,
  author={{RIGON, L.}},
  title={{Huawei e PUCRS inauguram Centro de Inovação para Cidades Inteligentes}},
  url={http://www.pucrs.br/blog/huawei-e-pucrs-inauguram-centro-de-inovacao-para-cidades-inteligentes/},
  urlaccessdate={novembro 2016},
  year={2016}
}